<record><leader>00000cas a22000007a 4500</leader><controlfield tag="001">18623651</controlfield><controlfield tag="008">881018c18979999nduwr ne      0    0eng d</controlfield><datafield ind1=" " ind2=" " tag="010"><subfield code="a">sn 87096022 </subfield></datafield><datafield ind1=" " ind2=" " tag="040"><subfield code="a">NOP</subfield><subfield code="b">eng</subfield><subfield code="c">NOP</subfield><subfield code="d">OCLCQ</subfield></datafield><datafield ind1=" " ind2=" " tag="042"><subfield code="a">msc</subfield></datafield><datafield ind1="0" ind2="4" tag="245"><subfield code="a">The Kulm messenger.</subfield></datafield><datafield ind1="3" ind2="0" tag="246"><subfield code="a">Kulm messenger and Gackle tri-county news</subfield></datafield><datafield ind1=" " ind2=" " tag="260"><subfield code="a">Kulm, La Moure County, N.D. :</subfield><subfield code="b">H.L. Kelly</subfield></datafield><datafield ind1=" " ind2=" " tag="300"><subfield code="a">v. :</subfield><subfield code="b">ill. ;</subfield><subfield code="c">40-61 cm.</subfield></datafield><datafield ind1=" " ind2=" " tag="310"><subfield code="a">Weekly</subfield></datafield><datafield ind1="0" ind2=" " tag="362"><subfield code="a">Vol. 1, no. 1 (Nov. 18, 1897)-</subfield></datafield><datafield ind1=" " ind2=" " tag="500"><subfield code="a">Published as: the Kulm messenger and Gackle tri-county news, June 4-25, 1970.</subfield></datafield><datafield ind1=" " ind2=" " tag="500"><subfield code="a">"Official newspaper, City of Kulm, County of LaMoure."</subfield></datafield><datafield ind1=" " ind2=" " tag="500"><subfield code="a">Special "Kulm and Vicinity" issue published July 31, 1902.</subfield></datafield><datafield ind1=" " ind2=" " tag="530"><subfield code="a">Available on microfilm from the State Historical Society of North Dakota.</subfield></datafield><datafield ind1=" " ind2=" " tag="752"><subfield code="a">United States</subfield><subfield code="b">North Dakota</subfield><subfield code="c">LaMoure</subfield><subfield code="d">Kulm.</subfield></datafield><datafield ind1="0" ind2="0" tag="780"><subfield code="t">North Dakota wind</subfield><subfield code="w">(DLC)sn 88076181</subfield></datafield><datafield ind1="0" ind2="5" tag="780"><subfield code="t">Gackle tri-county news</subfield><subfield code="w">(DLC)sn 87096021</subfield></datafield></record>